<record><leader>00000cas a22000007a 4500</leader><controlfield tag="001">24178840</controlfield><controlfield tag="008">910805d19541982nyudn ne      0    0eng d</controlfield><datafield ind1=" " ind2=" " tag="010"><subfield code="a">sn 91066653 </subfield></datafield><datafield ind1=" " ind2=" " tag="040"><subfield code="a">NYS</subfield><subfield code="b">eng</subfield><subfield code="c">NYS</subfield><subfield code="d">OCLCQ</subfield></datafield><datafield ind1=" " ind2=" " tag="042"><subfield code="a">msc</subfield></datafield><datafield ind1="0" ind2=" " tag="130"><subfield code="a">Union-gazette (Port Jervis, N.Y.)</subfield></datafield><datafield ind1="1" ind2="4" tag="245"><subfield code="a">The union-gazette.</subfield></datafield><datafield ind1=" " ind2=" " tag="260"><subfield code="a">Port Jervis, N.Y. ;</subfield><subfield code="a">Milford, Pa. :</subfield><subfield code="b">Tri-States Pub. Co.,</subfield><subfield code="c">1954-</subfield></datafield><datafield ind1=" " ind2=" " tag="300"><subfield code="a">v.</subfield></datafield><datafield ind1=" " ind2=" " tag="310"><subfield code="a">Daily (except Sunday and holidays)</subfield></datafield><datafield ind1="0" ind2=" " tag="362"><subfield code="a">Port Jervis union 104th year (June 24, 1954)- = Evening gazette 86th year (June 24, 1954)-</subfield></datafield><datafield ind1="1" ind2=" " tag="362"><subfield code="a">Ceased with Sept. 11, 1982 issue.</subfield></datafield><datafield ind1=" " ind2="4" tag="651"><subfield code="a">Port Jervis (N.Y.)</subfield><subfield code="v">Newspapers.</subfield></datafield><datafield ind1=" " ind2="4" tag="651"><subfield code="a">Milford (Pike County, Pa.)</subfield><subfield code="v">Newspapers.</subfield></datafield><datafield ind1=" " ind2=" " tag="752"><subfield code="a">United States</subfield><subfield code="b">New York</subfield><subfield code="c">Orange</subfield><subfield code="d">Port Jervis.</subfield></datafield><datafield ind1=" " ind2=" " tag="752"><subfield code="a">United States</subfield><subfield code="b">Pennsylvania</subfield><subfield code="c">Pike</subfield><subfield code="d">Milford.</subfield></datafield><datafield ind1="0" ind2="0" tag="780"><subfield code="t">Port Jervis union-gazette</subfield><subfield code="w">(DLC)sn 83031689</subfield><subfield code="w">(OCoLC)9958803</subfield></datafield><datafield ind1="0" ind2="0" tag="785"><subfield code="t">Tri-state gazette</subfield><subfield code="w">(DLC)sn 87080277</subfield><subfield code="w">(OCoLC)15740955</subfield></datafield><datafield ind1="1" ind2=" " tag="029"><subfield code="a">AU@</subfield><subfield code="b">000025849853</subfield></datafield></record>